% Encoding: UTF-8
@Article{Richards2003,
  author    = {M.A. Richards},
  journal   = {{IEEE} Signal Processing Letters},
  title     = {Coherent integration loss due to white Gaussian phase noise},
  year      = {2003},
  month     = {jul},
  number    = {7},
  pages     = {208--210},
  volume    = {10},
  doi       = {10.1109/LSP.2003.811589},
  groups    = {SNR},
  publisher = {Institute of Electrical and Electronics Engineers ({IEEE})},
}

@Article{Borio2009,
  author    = {D. Borio and C. O{\textquotesingle}Driscoll and G. Lachapelle},
  journal   = {{IEEE} Transactions on Aerospace and Electronic Systems},
  title     = {{C}oherent, {N}oncoherent, and {D}ifferentially {C}oherent {C}ombining {T}echniques for {A}cquisition of {N}ew {C}omposite {GNSS} {S}ignals},
  year      = {2009},
  month     = {jul},
  number    = {3},
  pages     = {1227--1240},
  volume    = {45},
  doi       = {10.1109/TAES.2009.5259196},
  groups    = {SNR},
  publisher = {Institute of Electrical and Electronics Engineers ({IEEE})},
}

@Article{Leclere2013,
  author    = {Jerome Leclere and Cyril Botteron and Pierre-Andre Farine},
  journal   = {{IEEE} Transactions on Aerospace and Electronic Systems},
  title     = {Comparison Framework of {FPGA}-Based {GNSS} Signals Acquisition Architectures},
  year      = {2013},
  month     = {jul},
  number    = {3},
  pages     = {1497--1518},
  volume    = {49},
  doi       = {10.1109/TAES.2013.6558001},
  groups    = {Arquiteturas},
  publisher = {Institute of Electrical and Electronics Engineers ({IEEE})},
}

@Article{Braasch1999,
  author    = {M.S. Braasch and A.J. van Dierendonck},
  journal   = {Proceedings of the {IEEE}},
  title     = {{GPS} receiver architectures and measurements},
  year      = {1999},
  number    = {1},
  pages     = {48--64},
  volume    = {87},
  doi       = {DOI:10.1109/5.736341},
  groups    = {Arquiteturas},
  publisher = {Institute of Electrical and Electronics Engineers ({IEEE})},
}

@Article{Borio2009a,
  author    = {D. Borio and D. Akos},
  journal   = {{IEEE} Transactions on Aerospace and Electronic Systems},
  title     = {Noncoherent Integrations for {GNSS} Detection: Analysis and Comparisons},
  year      = {2009},
  month     = {jan},
  number    = {1},
  pages     = {360--375},
  volume    = {45},
  doi       = {10.1109/TAES.2009.4805285},
  groups    = {SNR},
  publisher = {Institute of Electrical and Electronics Engineers ({IEEE})},
}

@Article{Ziedan2004,
  author    = {N.I. Ziedan and J.L. Garrison},
  title     = {Unaided acquisition of weak {GPS} signals using circular correlation or double-block zero padding},
  year      = {2004},
  booktitle = {{PLANS} 2004. Position Location and Navigation Symposium ({IEEE} Cat. No.04CH37556)},
  doi       = {10.1109/PLANS.2004.1309030},
  groups    = {Arquiteturas},
  publisher = {{IEEE}},
}

@Article{Hsieh1996,
  author    = {Guan-Chyun Hsieh and J.C. Hung},
  journal   = {{IEEE} Transactions on Industrial Electronics},
  title     = {Phase-locked loop techniques. A survey},
  year      = {1996},
  month     = {dec},
  number    = {6},
  pages     = {609--615},
  volume    = {43},
  doi       = {10.1109/41.544547},
  groups    = {Revisao},
  publisher = {Institute of Electrical and Electronics Engineers ({IEEE})},
}

@Book{Tsui2000,
  author    = {James Bao-Yen Tsui},
  publisher = {John Wiley {\&} Sons, Inc.},
  title     = {Fundamentals of Global Positioning System Receivers},
  year      = {2000},
  month     = {may},
  doi       = {10.1002/0471200549},
}

@Book{Moore2019,
  author    = {Terry Moore},
  publisher = {Cambridge University Press ({CUP})},
  title     = {Understanding {GPS} and {GNSS}: Principles and Applications},
  year      = {2019},
  month     = {aug},
  number    = {1266},
  volume    = {123},
  doi       = {https://doi.org/10.1017/aer.2019.98},
  journal   = {The Aeronautical Journal},
  pages     = {1323--1323},
}


@InProceedings{Spangenberg2007,
  author    = {Sascha M. Spangenberg and G. Povey},
  title     = {Code acquisition for LEO satellite mobile communication using a serial-parallel correlator with FFT for Doppler estimation},
  booktitle = {},
  year      = {2007},
  groups    = {Arquiteturas},
}

@Manual{Airbus2018,
  title  = {AGGA-4 User Manual},
  author = {Airbus},
  year   = {2018},
}

@Misc{DGGROW2018,
  author = {DGGROW},
  title  = {{E}uropean {R}adio {N}avigation {P}lan ({ERNP})},
  year   = {2018},
}

@Misc{NavipediaTeam,
  author = {Navipedia Team - ESA},
  title  = {Navipedia},
  year   = {},
  url    = {https://gssc.esa.int},
}

@Misc{ARM,
  author = {ARM},
  title  = {ARM Documentation},
  url    = {https://developer.arm.com/documentation},
}

@Article{Razavi2008,
  author    = {A. Razavi and D. Gebre-Egziabher and D.M. Akos},
  journal   = {{IEEE} Transactions on Aerospace and Electronic Systems},
  title     = {Carrier loop architectures for tracking weak {GPS} signals},
  year      = {2008},
  month     = {apr},
  number    = {2},
  pages     = {697--710},
  volume    = {44},
  doi       = {10.1109/TAES.2008.4560215},
  groups    = {Arquiteturas},
  publisher = {Institute of Electrical and Electronics Engineers ({IEEE})},
}

@Comment{jabref-meta: databaseType:bibtex;}