@book{reference_name_1,
  author    = {John Doe},
  title     = {The Book without Title},
  publisher = {Dummy Publisher},
  year      = {2100}
}

@article{reference_name_2,
  author  = {John Doe},
  title   = {Title},
  journal = {Journal},
  year    = {2017}
}

@misc{reference_name_3,
  howpublished = {\url{http://example.com}},
  author       = {Intel},
  title        = {Example Website},
  month        = {Dec},
  year         = {1988},
  note         = {Accessed on 2012-11-11}
}